@online{Fowler2014,
	Author = {Martin Fowler},
	Title = {{Microservices}},
	Url = {https://martinfowler.com/articles/microservices.html},
	Urldate = {2018-10-22},
	Month = {3},
	Year = {2014}}

@book{Reese2009,
	Author = {George Reese},
	Edition = {1. Auflage},
	Keywords = {Cloud Architectures},
	Month = {4},
	Publisher = {O'Reilly Media},
	Title={Cloud Application Architectures: Building Applications and Infrastructure in the Cloud},
	isbn={9780596156367},
	Year = {2009}}

% This file was created with Citavi 6.10.0.0

@misc{HochschuleniederrheimDeeply,
	author = {{Hochschule niederrheim}},
	year = {29.10.2021},
	title = {CAS Embedded Systems Professional - Hochschule Niederrhein},
	url = {https://www.hs-niederrhein.de/weiterbildung/sichere-software/cas-embedded-systems-professional/},
	urldate = {29.10.2021}
}

@misc{RasberryPiSpecs,
	year = {05.11.2021},
	title = {Raspberry Pi 4 Model B specifications -- Raspberry Pi},
	url = {https://www.raspberrypi.com/products/raspberry-pi-4-model-b/specifications/},
	urldate = {07.11.2021}
}

% This file was created with Citavi 6.10.0.0

@book{EmbeddedLinuxQuade,
	abstract = {Im Bereich eingebetteter Systeme ist Linux weit verbreitet. Und in Kombination mit der Embedded-Plattform Raspberry Pi bildet es ein optimales Gespann, um sich praxisorientiert Kenntnisse und Techniken anzueignen, die f{\"u}r die Entwicklung eingebetteter Systeme notwendig sind. Dieses einf{\"u}hrende Lehr- und Arbeitsbuch beschreibt daher Aufbau, Konzeption und Realisierung eingebetteter Linux-Systeme am Beispiel des Raspberry Pi. Zahlreiche Beispiele sowie Tipps und Tricks machen das Thema anschaulich und erleichtern die Umsetzung in die Praxis. Nach der erfolgreichen Lekt{\"u}re k{\"o}nnen Sie - einfache eingebettete System planen und realisieren - eine Cross-Entwicklungsumgebung im Rahmen einer Host-Target-Entwicklung aufsetzen - Systemsoftware konfektionieren und zu einem Embedded-Linux-Gesamtsystem zusammenbauen - die Einschr{\"a}nkungen bei der Applikationserstellung im Umfeld eingebetteter System einsch{\"a}tzen und Anwendungssoftware erstellen - den grundlegenden Aufbau von Treibersoftware nachvollziehen und einfache Treiber programmieren - die Anforderungen an Security verstehen und durch geeignete Techniken gew{\"a}hrleisten. Vom Systemanwender zum Systementwickler: W{\"a}hrend die meisten B{\"u}cher rund um den Raspberry Pi zeigen, wie Sie vorhandene Systemsoftware einsetzen und f{\"u}r Ihre Anwendung nutzen, entwickeln Sie mit diesem Mitmach-Buch ein optimal auf Ihre eigenen Bed{\"u}rfnisse angepasstes Embedded Linux!},
	author = {Quade, J{\"u}rgen},
	year = {2014},
	title = {Embedded Linux lernen mit dem Raspberry Pi: Linux-Systeme selber bauen und programmieren},
	url = {http://ebooks.ciando.com/book/index.cfm/bok_id/1423957},
	address = {Heidelberg},
	edition = {1. Auflage},
	publisher = {dpunkt.verlag},
	isbn = {9783864915093}
}




