% This file was created with Citavi 6.10.0.0

@misc{.05.11.2021,
 year = {05.11.2021},
 title = {Raspberry Pi 4 Model B specifications -- Raspberry Pi},
 url = {https://www.raspberrypi.com/products/raspberry-pi-4-model-b/specifications/},
 urldate = {07.11.2021}
}


@misc{Hochschuleniederrheim.29.10.2021,
 author = {{Hochschule niederrheim}},
 year = {29.10.2021},
 title = {CAS Embedded Systems Professional - Hochschule Niederrhein},
 url = {https://www.hs-niederrhein.de/weiterbildung/sichere-software/cas-embedded-systems-professional/},
 urldate = {29.10.2021}
}


